%YAML 1.1
%TAG !u! tag:unity3d.com,2011:
--- !u!1 &1596009861320422383
GameObject:
  m_ObjectHideFlags: 0
  m_CorrespondingSourceObject: {fileID: 0}
  m_PrefabInstance: {fileID: 0}
  m_PrefabAsset: {fileID: 0}
  serializedVersion: 6
  m_Component:
  - component: {fileID: 7327797705719453885}
  m_Layer: 0
  m_Name: Muzzle
  m_TagString: Untagged
  m_Icon: {fileID: 0}
  m_NavMeshLayer: 0
  m_StaticEditorFlags: 0
  m_IsActive: 1
--- !u!4 &7327797705719453885
Transform:
  m_ObjectHideFlags: 0
  m_CorrespondingSourceObject: {fileID: 0}
  m_PrefabInstance: {fileID: 0}
  m_PrefabAsset: {fileID: 0}
  m_GameObject: {fileID: 1596009861320422383}
  m_LocalRotation: {x: 0, y: 0, z: 0, w: 1}
  m_LocalPosition: {x: 0, y: 0.0219, z: 0.3064}
  m_LocalScale: {x: 1, y: 1, z: 1}
  m_Children: []
  m_Father: {fileID: 3949261192890524704}
  m_RootOrder: 1
  m_LocalEulerAnglesHint: {x: 0, y: 0, z: 0}
--- !u!1 &3949261192890524705
GameObject:
  m_ObjectHideFlags: 0
  m_CorrespondingSourceObject: {fileID: 0}
  m_PrefabInstance: {fileID: 0}
  m_PrefabAsset: {fileID: 0}
  serializedVersion: 6
  m_Component:
  - component: {fileID: 3949261192890524704}
  - component: {fileID: 3949261192890524709}
  - component: {fileID: 3949261192890524706}
  - component: {fileID: 3949261192890524707}
  - component: {fileID: 6842465253516367707}
  m_Layer: 0
  m_Name: Weapon
  m_TagString: Untagged
  m_Icon: {fileID: 0}
  m_NavMeshLayer: 0
  m_StaticEditorFlags: 0
  m_IsActive: 1
--- !u!4 &3949261192890524704
Transform:
  m_ObjectHideFlags: 0
  m_CorrespondingSourceObject: {fileID: 0}
  m_PrefabInstance: {fileID: 0}
  m_PrefabAsset: {fileID: 0}
  m_GameObject: {fileID: 3949261192890524705}
  m_LocalRotation: {x: -0, y: -0, z: -0, w: 1}
  m_LocalPosition: {x: 0.306, y: -0.19394001, z: 0.25369227}
  m_LocalScale: {x: 1, y: 1, z: 1}
  m_Children:
  - {fileID: 8742264271630814903}
  - {fileID: 7327797705719453885}
  m_Father: {fileID: 0}
  m_RootOrder: 0
  m_LocalEulerAnglesHint: {x: 0, y: 0, z: 0}
--- !u!33 &3949261192890524709
MeshFilter:
  m_ObjectHideFlags: 0
  m_CorrespondingSourceObject: {fileID: 0}
  m_PrefabInstance: {fileID: 0}
  m_PrefabAsset: {fileID: 0}
  m_GameObject: {fileID: 3949261192890524705}
  m_Mesh: {fileID: 10202, guid: 0000000000000000e000000000000000, type: 0}
--- !u!23 &3949261192890524706
MeshRenderer:
  m_ObjectHideFlags: 0
  m_CorrespondingSourceObject: {fileID: 0}
  m_PrefabInstance: {fileID: 0}
  m_PrefabAsset: {fileID: 0}
  m_GameObject: {fileID: 3949261192890524705}
  m_Enabled: 1
  m_CastShadows: 1
  m_ReceiveShadows: 1
  m_DynamicOccludee: 1
  m_MotionVectors: 1
  m_LightProbeUsage: 1
  m_ReflectionProbeUsage: 1
  m_RenderingLayerMask: 1
  m_RendererPriority: 0
  m_Materials:
  - {fileID: 10303, guid: 0000000000000000f000000000000000, type: 0}
  m_StaticBatchInfo:
    firstSubMesh: 0
    subMeshCount: 0
  m_StaticBatchRoot: {fileID: 0}
  m_ProbeAnchor: {fileID: 0}
  m_LightProbeVolumeOverride: {fileID: 0}
  m_ScaleInLightmap: 1
  m_PreserveUVs: 0
  m_IgnoreNormalsForChartDetection: 0
  m_ImportantGI: 0
  m_StitchLightmapSeams: 0
  m_SelectedEditorRenderState: 3
  m_MinimumChartSize: 4
  m_AutoUVMaxDistance: 0.5
  m_AutoUVMaxAngle: 89
  m_LightmapParameters: {fileID: 0}
  m_SortingLayerID: 0
  m_SortingLayer: 0
  m_SortingOrder: 0
--- !u!65 &3949261192890524707
BoxCollider:
  m_ObjectHideFlags: 0
  m_CorrespondingSourceObject: {fileID: 0}
  m_PrefabInstance: {fileID: 0}
  m_PrefabAsset: {fileID: 0}
  m_GameObject: {fileID: 3949261192890524705}
  m_Material: {fileID: 0}
  m_IsTrigger: 0
  m_Enabled: 1
  serializedVersion: 2
  m_Size: {x: 1, y: 1, z: 1}
  m_Center: {x: 0, y: 0, z: 0}
--- !u!114 &6842465253516367707
MonoBehaviour:
  m_ObjectHideFlags: 0
  m_CorrespondingSourceObject: {fileID: 0}
  m_PrefabInstance: {fileID: 0}
  m_PrefabAsset: {fileID: 0}
  m_GameObject: {fileID: 3949261192890524705}
  m_Enabled: 1
  m_EditorHideFlags: 0
  m_Script: {fileID: 11500000, guid: 2deca0bb39dd4914bb44e4e1d3fcb27e, type: 3}
  m_Name: 
  m_EditorClassIdentifier: 
  fireRate: 0.1
  damage: 10
  heat: 0
  heatLimit: 10
  coolingRate: 3
  overHeat: 0
  debugText: {fileID: 0}
  bulletPrefab: {fileID: 8980207313340793389, guid: b652cc4fd6e3f874e853fbaf1919d428,
    type: 3}
  weaponMuzzle: {fileID: 7327797705719453885}
  bulletContainer: {fileID: 0}
--- !u!1001 &8742264271630685223
PrefabInstance:
  m_ObjectHideFlags: 0
  serializedVersion: 2
  m_Modification:
    m_TransformParent: {fileID: 3949261192890524704}
    m_Modifications:
    - target: {fileID: 100016, guid: af0fcd9f16e2dbf45bb3923881bc2378, type: 3}
      propertyPath: m_Name
      value: Rifle
      objectReference: {fileID: 0}
    - target: {fileID: 400016, guid: af0fcd9f16e2dbf45bb3923881bc2378, type: 3}
      propertyPath: m_LocalPosition.x
      value: 0
      objectReference: {fileID: 0}
    - target: {fileID: 400016, guid: af0fcd9f16e2dbf45bb3923881bc2378, type: 3}
      propertyPath: m_LocalPosition.y
      value: 0
      objectReference: {fileID: 0}
    - target: {fileID: 400016, guid: af0fcd9f16e2dbf45bb3923881bc2378, type: 3}
      propertyPath: m_LocalPosition.z
      value: 0
      objectReference: {fileID: 0}
    - target: {fileID: 400016, guid: af0fcd9f16e2dbf45bb3923881bc2378, type: 3}
      propertyPath: m_LocalRotation.x
      value: -0
      objectReference: {fileID: 0}
    - target: {fileID: 400016, guid: af0fcd9f16e2dbf45bb3923881bc2378, type: 3}
      propertyPath: m_LocalRotation.y
      value: -0
      objectReference: {fileID: 0}
    - target: {fileID: 400016, guid: af0fcd9f16e2dbf45bb3923881bc2378, type: 3}
      propertyPath: m_LocalRotation.z
      value: -0
      objectReference: {fileID: 0}
    - target: {fileID: 400016, guid: af0fcd9f16e2dbf45bb3923881bc2378, type: 3}
      propertyPath: m_LocalRotation.w
      value: 1
      objectReference: {fileID: 0}
    - target: {fileID: 400016, guid: af0fcd9f16e2dbf45bb3923881bc2378, type: 3}
      propertyPath: m_RootOrder
      value: 0
      objectReference: {fileID: 0}
    - target: {fileID: 400016, guid: af0fcd9f16e2dbf45bb3923881bc2378, type: 3}
      propertyPath: m_LocalEulerAnglesHint.x
      value: 0
      objectReference: {fileID: 0}
    - target: {fileID: 400016, guid: af0fcd9f16e2dbf45bb3923881bc2378, type: 3}
      propertyPath: m_LocalEulerAnglesHint.y
      value: 0
      objectReference: {fileID: 0}
    - target: {fileID: 400016, guid: af0fcd9f16e2dbf45bb3923881bc2378, type: 3}
      propertyPath: m_LocalEulerAnglesHint.z
      value: 0
      objectReference: {fileID: 0}
    - target: {fileID: 400016, guid: af0fcd9f16e2dbf45bb3923881bc2378, type: 3}
      propertyPath: m_LocalScale.x
      value: 1
      objectReference: {fileID: 0}
    - target: {fileID: 400016, guid: af0fcd9f16e2dbf45bb3923881bc2378, type: 3}
      propertyPath: m_LocalScale.y
      value: 1
      objectReference: {fileID: 0}
    - target: {fileID: 400016, guid: af0fcd9f16e2dbf45bb3923881bc2378, type: 3}
      propertyPath: m_LocalScale.z
      value: 1
      objectReference: {fileID: 0}
    - target: {fileID: 400002, guid: af0fcd9f16e2dbf45bb3923881bc2378, type: 3}
      propertyPath: m_LocalPosition.z
      value: 0.0759
      objectReference: {fileID: 0}
    - target: {fileID: 400002, guid: af0fcd9f16e2dbf45bb3923881bc2378, type: 3}
      propertyPath: m_LocalPosition.y
      value: 0.004471022
      objectReference: {fileID: 0}
    - target: {fileID: 2300006, guid: af0fcd9f16e2dbf45bb3923881bc2378, type: 3}
      propertyPath: m_Materials.Array.data[0]
      value: 
      objectReference: {fileID: 2100000, guid: ceda9da40e71f1743899d0aff24ab3e5, type: 2}
    - target: {fileID: 2300004, guid: af0fcd9f16e2dbf45bb3923881bc2378, type: 3}
      propertyPath: m_Materials.Array.data[0]
      value: 
      objectReference: {fileID: 2100000, guid: ceda9da40e71f1743899d0aff24ab3e5, type: 2}
    - target: {fileID: 2300002, guid: af0fcd9f16e2dbf45bb3923881bc2378, type: 3}
      propertyPath: m_Materials.Array.data[0]
      value: 
      objectReference: {fileID: 2100000, guid: ceda9da40e71f1743899d0aff24ab3e5, type: 2}
    - target: {fileID: 2300000, guid: af0fcd9f16e2dbf45bb3923881bc2378, type: 3}
      propertyPath: m_Materials.Array.data[0]
      value: 
      objectReference: {fileID: 2100000, guid: ceda9da40e71f1743899d0aff24ab3e5, type: 2}
    - target: {fileID: 2300014, guid: af0fcd9f16e2dbf45bb3923881bc2378, type: 3}
      propertyPath: m_Materials.Array.data[0]
      value: 
      objectReference: {fileID: 2100000, guid: ceda9da40e71f1743899d0aff24ab3e5, type: 2}
    - target: {fileID: 2300012, guid: af0fcd9f16e2dbf45bb3923881bc2378, type: 3}
      propertyPath: m_Materials.Array.data[0]
      value: 
      objectReference: {fileID: 2100000, guid: ceda9da40e71f1743899d0aff24ab3e5, type: 2}
    - target: {fileID: 2300010, guid: af0fcd9f16e2dbf45bb3923881bc2378, type: 3}
      propertyPath: m_Materials.Array.data[0]
      value: 
      objectReference: {fileID: 2100000, guid: ceda9da40e71f1743899d0aff24ab3e5, type: 2}
    - target: {fileID: 2300008, guid: af0fcd9f16e2dbf45bb3923881bc2378, type: 3}
      propertyPath: m_Materials.Array.data[0]
      value: 
      objectReference: {fileID: 2100000, guid: ceda9da40e71f1743899d0aff24ab3e5, type: 2}
    m_RemovedComponents: []
  m_SourcePrefab: {fileID: 100100000, guid: af0fcd9f16e2dbf45bb3923881bc2378, type: 3}
--- !u!4 &8742264271630814903 stripped
Transform:
  m_CorrespondingSourceObject: {fileID: 400016, guid: af0fcd9f16e2dbf45bb3923881bc2378,
    type: 3}
  m_PrefabInstance: {fileID: 8742264271630685223}
  m_PrefabAsset: {fileID: 0}
